@ARTICLE{1,
  author={M. X. {Cao} and P. O. {Vontobel}},
  journal={IEEE Transactions on Information Theory}, 
  title={Bounding and Estimating the Classical Information Rate of Quantum Channels With Memory}, 
  year={2020},
  volume={66},
  number={9},
  pages={5601-5619},
  doi={10.1109/TIT.2020.2979840}}
